%% This BibTeX bibliography file was created using BibDesk.
%% http://bibdesk.sourceforge.net/


%% Created for Aggelos Kiayias at 2020-01-13 18:23:20 -0500 


%% Saved with string encoding Unicode (UTF-8) 



@article{GK18,
	Author = {Juan A. Garay and Aggelos Kiayias},
	Bibsource = {dblp computer science bibliography, https://dblp.org},
	Biburl = {https://dblp.org/rec/bib/journals/iacr/GarayK18},
	Date-Added = {2020-01-13 18:23:13 -0500},
	Date-Modified = {2020-01-13 18:23:19 -0500},
	Journal = {{IACR} Cryptology ePrint Archive},
	Pages = {754},
	Timestamp = {Wed, 12 Sep 2018 14:58:20 +0200},
	Title = {SoK: {A} Consensus Taxonomy in the Blockchain Era},
	Url = {https://eprint.iacr.org/2018/754},
	Volume = {2018},
	Year = {2018},
	Bdsk-Url-1 = {https://eprint.iacr.org/2018/754}}

@inproceedings{Ouroboros,
	IgnoreCrossref = {KRDO17},
	Author = {Aggelos Kiayias and Alexander Russell and Bernardo David and Roman Oliynykov},
	Booktitle = {Advances in Cryptology - {CRYPTO} 2017 - 37th Annual International Cryptology Conference},
	Pages = {357--388},
	Series = {Lecture Notes in Computer Science},
	Title = {Ouroboros: {A} Provably Secure Proof-of-Stake Blockchain Protocol},
	Volume = {10401},
	Year = {2017},
	}

@misc{MultiHonestFullVersion,
	Author = {Aggelos Kiayias and Saad Quader and Alexander Russell},
	Howpublished = {arXiv},
	Note = {"unpublished"},
	Title = {Consistency in Proof-of-Stake Blockchains with Concurrent Honest Slot Leaders},
	Year = {2020},
	archivePrefix={arXiv},
	Eprint={arXiv},}

@inproceedings{Praos,
	IgnoreCrossref = {DBLP:conf/eurocrypt/DavidGKR18},
	author="David, Bernardo
	and Ga{\v{z}}i, Peter
	and Kiayias, Aggelos
	and Russell, Alexander",
	title="Ouroboros Praos: An Adaptively-Secure, Semi-synchronous Proof-of-Stake Blockchain",
	booktitle="Advances in Cryptology -- EUROCRYPT 2018 ",
	year="2018",
	pages="66--98",
	}

@inproceedings{Genesis,
	IgnoreCrossref = {DBLP:conf/ccs/BadertscherGKRZ18},
	author = {Badertscher, Christian and Ga\v{z}i, Peter and Kiayias, Aggelos and Russell, Alexander and Zikas, Vassilis},
	title = {Ouroboros Genesis: Composable Proof-of-Stake Blockchains with Dynamic Availability},
	year = {2018},
	booktitle = {Proceedings of the 2018 ACM SIGSAC Conference on Computer and Communications Security},
	pages = {913–930},
	series = {CCS ’18}
	}


@inproceedings{SnowWhite,
	IgnoreCrossref = {DBLP:journals/iacr/BentovPS16a},
	Author = {Iddo Bentov and Rafael Pass and Elaine Shi},
	Bibsource = {dblp computer science bibliography, https://dblp.org},
	Journal = {{IACR} Cryptology ePrint Archive},
	Pages = {919},
	Title = {Snow White: Provably Secure Proofs of Stake},
	Url = {http://eprint.iacr.org/2016/919},
	Year = {2016}}

@inproceedings{Sleepy,
	IgnoreCrossref = {DBLP:conf/asiacrypt/PassS17},
	Author = {Rafael Pass and Elaine Shi},
	Booktitle = {Advances in Cryptology - {ASIACRYPT} 2017},
	Pages = {380--409},
	Title = {The Sleepy Model of Consensus},
	Url = {https://doi.org/10.1007/978-3-319-70697-9\_14},
	Year = {2017},
	}

@inproceedings{PSS,
	IgnoreCrossref = {DBLP:conf/eurocrypt/PassSS17},
	Author = {Rafael Pass and Lior Seeman and Abhi Shelat},
	Booktitle = {Advances in Cryptology - {EUROCRYPT} 2017},
	Pages = {643--673},
	Title = {Analysis of the Blockchain Protocol in Asynchronous Networks},
	Url = {https://doi.org/10.1007/978-3-319-56614-6\_22},
	Year = {2017},
	}
@inproceedings{GKL,
	IgnoreCrossref = {DBLP:conf/eurocrypt/GarayKL15},
	Author = {Juan A. Garay and Aggelos Kiayias and Nikos Leonardos},
	Booktitle = {Advances in Cryptology - {EUROCRYPT} 2015},
	Pages = {281--310},
	Title = {The Bitcoin Backbone Protocol: Analysis and Applications},
	Url = {https://doi.org/10.1007/978-3-662-46803-6\_10},
	Year = {2015},
	}

@inproceedings{GKL17,
  title={The bitcoin backbone protocol with chains of variable difficulty},
  author={Garay, Juan and Kiayias, Aggelos and Leonardos, Nikos},
  booktitle={Annual International Cryptology Conference},
  pages={291--323},
  year={2017},
  organization={Springer}
}	

@misc{cryptoeprint:2016:035,
	Author = {Tal Moran and Ilan Orlov},
	Date-Added = {2019-07-06 18:00:15 +0100},
	Date-Modified = {2019-07-06 18:00:15 +0100},
	Howpublished = {Cryptology ePrint Archive, Report 2016/035},
	Note = {\url{http://eprint.iacr.org/2016/035}},
	Title = {Proofs of Space-Time and Rational Proofs of Storage},
	Year = {2016}}

@article{DBLP:journals/iacr/ParkPAFG15,
	Author = {Sunoo Park and Krzysztof Pietrzak and Albert Kwon and Jo{\"{e}}l Alwen and Georg Fuchsbauer and Peter Gazi},
	Bibsource = {dblp computer science bibliography, http://dblp.org},
	Biburl = {http://dblp.uni-trier.de/rec/bib/journals/iacr/ParkPAFG15},
	Date-Added = {2019-07-06 09:02:12 +0100},
	Date-Modified = {2019-07-06 09:02:12 +0100},
	Journal = {{IACR} Cryptology ePrint Archive},
	Pages = {528},
	Timestamp = {Mon, 23 Nov 2015 10:01:34 +0100},
	Title = {Spacemint: {A} Cryptocurrency Based on Proofs of Space},
	Url = {http://eprint.iacr.org/2015/528},
	Volume = {2015},
	Year = {2015},
	Bdsk-Url-1 = {http://eprint.iacr.org/2015/528}}

@article{DBLP:journals/corr/BentovGM14,
	Author = {Iddo Bentov and Ariel Gabizon and Alex Mizrahi},
	Bibsource = {dblp computer science bibliography, http://dblp.org},
	Biburl = {http://dblp.uni-trier.de/rec/bib/journals/corr/BentovGM14},
	Date-Added = {2019-07-06 08:58:44 +0100},
	Date-Modified = {2019-07-06 08:58:44 +0100},
	Journal = {CoRR},
	Timestamp = {Tue, 01 Jul 2014 11:58:08 +0200},
	Title = {Cryptocurrencies without Proof of Work},
	Url = {http://arxiv.org/abs/1406.5694},
	Volume = {abs/1406.5694},
	Year = {2014},
	Bdsk-Url-1 = {http://arxiv.org/abs/1406.5694}}

@misc{hashcash,
	Author = {Adam Back},
	Date-Added = {2019-07-06 08:57:24 +0100},
	Date-Modified = {2019-07-06 08:57:24 +0100},
	Howpublished = {http://www.cypherspace.org/hashcash},
	Title = {Hashcash},
	Year = {1997}}

@misc{Nakamoto2008,
	Author = {Satoshi Nakamoto},
	Date-Added = {2019-07-06 08:56:26 +0100},
	Date-Modified = {2019-07-06 08:56:26 +0100},
	Howpublished = {http://bitcoin.org/bitcoin.pdf},
	Title = {Bitcoin: A peer-to-peer electronic cash system.},
	Year = {2008}}

@article{DBLP:journals/iacr/SompolinskyLZ16,
	Author = {Yonatan Sompolinsky and Yoad Lewenberg and Aviv Zohar},
	Bibsource = {dblp computer science bibliography, https://dblp.org},
	Biburl = {https://dblp.org/rec/bib/journals/iacr/SompolinskyLZ16},
	Date-Added = {2018-10-03 22:48:04 +0100},
	Date-Modified = {2018-10-03 22:48:04 +0100},
	Journal = {{IACR} Cryptology ePrint Archive},
	Pages = {1159},
	Timestamp = {Tue, 14 Aug 2018 17:08:25 +0200},
	Title = {{SPECTRE:} {A} Fast and Scalable Cryptocurrency Protocol},
	Url = {http://eprint.iacr.org/2016/1159},
	Volume = {2016},
	Year = {2016},
	Bdsk-Url-1 = {http://eprint.iacr.org/2016/1159}}

@misc{swirlds,
	Author = {Leemon Baird},
	Date-Added = {2018-10-03 22:46:05 +0100},
	Date-Modified = {2018-10-03 22:49:43 +0100},
	Howpublished = {https://www.swirlds.com/downloads/SWIRLDS-TR-2016-01.pdf},
	Month = {May},
	Title = {The SWIRLDS Hashgraph Consensus Algorithm: Fair, Fast, Byzantine, Fault Tolerance},
	Year = {2016}}

@misc{tangle,
	Author = {Serguei Popov},
	Date-Added = {2018-10-03 22:45:09 +0100},
	Date-Modified = {2018-10-03 22:45:39 +0100},
	Howpublished = {http://www.tangleblog.com/wp-content/uploads/2016/11/IOTA_Whitepaper.pdf},
	Month = {April},
	Title = {The Tangle},
	Year = {2016}}

@article{DBLP:journals/iacr/BoyenCH16,
	Author = {Xavier Boyen and Christopher Carr and Thomas Haines},
	Bibsource = {dblp computer science bibliography, https://dblp.org},
	Biburl = {https://dblp.org/rec/bib/journals/iacr/BoyenCH16},
	Date-Added = {2018-10-03 22:43:45 +0100},
	Date-Modified = {2018-10-03 22:43:45 +0100},
	Journal = {{IACR} Cryptology ePrint Archive},
	Pages = {871},
	Timestamp = {Tue, 14 Aug 2018 17:08:15 +0200},
	Title = {Blockchain-Free Cryptocurrencies. {A} Rational Framework for Truly Decentralised Fast Transactions},
	Url = {http://eprint.iacr.org/2016/871},
	Volume = {2016},
	Year = {2016},
	Bdsk-Url-1 = {http://eprint.iacr.org/2016/871}}

@inproceedings{DBLP:conf/wdag/PassS17,
	Author = {Rafael Pass and Elaine Shi},
	Bibsource = {dblp computer science bibliography, https://dblp.org},
	Biburl = {https://dblp.org/rec/bib/conf/wdag/PassS17},
	Booktitle = {31st International Symposium on Distributed Computing, {DISC} 2017, October 16-20, 2017, Vienna, Austria},
	Crossref = {DBLP:conf/wdag/2017},
	Date-Added = {2018-10-03 21:22:22 +0100},
	Date-Modified = {2018-10-03 21:22:22 +0100},
	Doi = {10.4230/LIPIcs.DISC.2017.39},
	Pages = {39:1--39:16},
	Timestamp = {Thu, 23 Aug 2018 15:56:39 +0200},
	Title = {Hybrid Consensus: Efficient Consensus in the Permissionless Model},
	Url = {https://doi.org/10.4230/LIPIcs.DISC.2017.39},
	Year = {2017},
	Bdsk-Url-1 = {https://doi.org/10.4230/LIPIcs.DISC.2017.39}}

@proceedings{DBLP:conf/wdag/2017,
	Bibsource = {dblp computer science bibliography, https://dblp.org},
	Biburl = {https://dblp.org/rec/bib/conf/wdag/2017},
	Date-Added = {2018-10-03 21:22:22 +0100},
	Date-Modified = {2018-10-03 21:22:22 +0100},
	Editor = {Andr{\'{e}}a W. Richa},
	Isbn = {978-3-95977-053-8},
	Publisher = {Schloss Dagstuhl - Leibniz-Zentrum fuer Informatik},
	Series = {LIPIcs},
	Timestamp = {Fri, 10 Nov 2017 14:43:05 +0100},
	Title = {31st International Symposium on Distributed Computing, {DISC} 2017, October 16-20, 2017, Vienna, Austria},
	Url = {http://www.dagstuhl.de/dagpub/978-3-95977-053-8},
	Volume = {91},
	Year = {2017},
	Bdsk-Url-1 = {http://www.dagstuhl.de/dagpub/978-3-95977-053-8}}

@inproceedings{DBLP:conf/eurocrypt/PassS18,
	Author = {Rafael Pass and Elaine Shi},
	Bibsource = {dblp computer science bibliography, https://dblp.org},
	Biburl = {https://dblp.org/rec/bib/conf/eurocrypt/PassS18},
	Booktitle = {Advances in Cryptology - {EUROCRYPT} 2018 - 37th Annual International Conference on the Theory and Applications of Cryptographic Techniques, Tel Aviv, Israel, April 29 - May 3, 2018 Proceedings, Part {II}},
	Crossref = {DBLP:conf/eurocrypt/2018-2},
	Date-Added = {2018-10-03 21:20:23 +0100},
	Date-Modified = {2018-10-03 21:20:23 +0100},
	Doi = {10.1007/978-3-319-78375-8\_1},
	Pages = {3--33},
	Timestamp = {Mon, 16 Apr 2018 14:06:24 +0200},
	Title = {Thunderella: Blockchains with Optimistic Instant Confirmation},
	Url = {https://doi.org/10.1007/978-3-319-78375-8\_1},
	Year = {2018},
	Bdsk-Url-1 = {https://doi.org/10.1007/978-3-319-78375-8%5C_1}}

@proceedings{DBLP:conf/eurocrypt/2018-2,
	Bibsource = {dblp computer science bibliography, https://dblp.org},
	Biburl = {https://dblp.org/rec/bib/conf/eurocrypt/2018-2},
	Date-Added = {2018-10-03 21:20:23 +0100},
	Date-Modified = {2018-10-03 21:20:23 +0100},
	Doi = {10.1007/978-3-319-78375-8},
	Editor = {Jesper Buus Nielsen and Vincent Rijmen},
	Isbn = {978-3-319-78374-1},
	Publisher = {Springer},
	Series = {Lecture Notes in Computer Science},
	Timestamp = {Mon, 16 Apr 2018 14:00:08 +0200},
	Title = {Advances in Cryptology - {EUROCRYPT} 2018 - 37th Annual International Conference on the Theory and Applications of Cryptographic Techniques, Tel Aviv, Israel, April 29 - May 3, 2018 Proceedings, Part {II}},
	Url = {https://doi.org/10.1007/978-3-319-78375-8},
	Volume = {10821},
	Year = {2018},
	Bdsk-Url-1 = {https://doi.org/10.1007/978-3-319-78375-8}}

@article{DBLP:journals/iacr/BadertscherGKRZ18,
	Author = {Christian Badertscher and Peter Gazi and Aggelos Kiayias and Alexander Russell and Vassilis Zikas},
	Bibsource = {dblp computer science bibliography, https://dblp.org},
	Biburl = {https://dblp.org/rec/bib/journals/iacr/BadertscherGKRZ18},
	Date-Added = {2018-09-28 11:22:51 +0300},
	Date-Modified = {2018-09-28 11:22:51 +0300},
	Journal = {{IACR} Cryptology ePrint Archive},
	Pages = {378},
	Timestamp = {Tue, 14 Aug 2018 17:08:15 +0200},
	Title = {Ouroboros Genesis: Composable Proof-of-Stake Blockchains with Dynamic Availability},
	Url = {https://eprint.iacr.org/2018/378},
	Volume = {2018},
	Year = {2018},
	Bdsk-Url-1 = {https://eprint.iacr.org/2018/378}}

@inproceedings{DBLP:conf/asiacrypt/PassS17,
	Author = {Rafael Pass and Elaine Shi},
	Bibsource = {dblp computer science bibliography, https://dblp.org},
	Biburl = {https://dblp.org/rec/bib/conf/asiacrypt/PassS17},
	Booktitle = {Advances in Cryptology - {ASIACRYPT} 2017 - 23rd International Conference on the Theory and Applications of Cryptology and Information Security, Hong Kong, China, December 3-7, 2017, Proceedings, Part {II}},
	Crossref = {DBLP:conf/asiacrypt/2017-2},
	Date-Added = {2018-09-28 11:16:57 +0300},
	Date-Modified = {2018-09-28 11:16:57 +0300},
	Doi = {10.1007/978-3-319-70697-9\_14},
	Pages = {380--409},
	Timestamp = {Wed, 22 Nov 2017 13:48:27 +0100},
	Title = {The Sleepy Model of Consensus},
	Url = {https://doi.org/10.1007/978-3-319-70697-9\_14},
	Year = {2017},
	Bdsk-Url-1 = {https://doi.org/10.1007/978-3-319-70697-9%5C_14}}

@proceedings{DBLP:conf/asiacrypt/2017-2,
	Bibsource = {dblp computer science bibliography, https://dblp.org},
	Biburl = {https://dblp.org/rec/bib/conf/asiacrypt/2017-2},
	Date-Added = {2018-09-28 11:16:57 +0300},
	Date-Modified = {2018-09-28 11:16:57 +0300},
	Doi = {10.1007/978-3-319-70697-9},
	Editor = {Tsuyoshi Takagi and Thomas Peyrin},
	Isbn = {978-3-319-70696-2},
	Publisher = {Springer},
	Series = {Lecture Notes in Computer Science},
	Timestamp = {Wed, 22 Nov 2017 13:46:44 +0100},
	Title = {Advances in Cryptology - {ASIACRYPT} 2017 - 23rd International Conference on the Theory and Applications of Cryptology and Information Security, Hong Kong, China, December 3-7, 2017, Proceedings, Part {II}},
	Url = {https://doi.org/10.1007/978-3-319-70697-9},
	Volume = {10625},
	Year = {2017},
	Bdsk-Url-1 = {https://doi.org/10.1007/978-3-319-70697-9}}

@inproceedings{DBLP:conf/eurocrypt/PassSS17,
	Author = {Rafael Pass and Lior Seeman and Abhi Shelat},
	Bibsource = {dblp computer science bibliography, https://dblp.org},
	Biburl = {https://dblp.org/rec/bib/conf/eurocrypt/PassSS17},
	Booktitle = {Advances in Cryptology - {EUROCRYPT} 2017 - 36th Annual International Conference on the Theory and Applications of Cryptographic Techniques, Paris, France, April 30 - May 4, 2017, Proceedings, Part {II}},
	Crossref = {DBLP:conf/eurocrypt/2017-2},
	Date-Added = {2018-09-28 09:38:48 +0300},
	Date-Modified = {2018-09-28 09:38:48 +0300},
	Doi = {10.1007/978-3-319-56614-6\_22},
	Pages = {643--673},
	Timestamp = {Sat, 16 Sep 2017 12:12:20 +0200},
	Title = {Analysis of the Blockchain Protocol in Asynchronous Networks},
	Url = {https://doi.org/10.1007/978-3-319-56614-6\_22},
	Year = {2017},
	Bdsk-Url-1 = {https://doi.org/10.1007/978-3-319-56614-6%5C_22}}

@proceedings{DBLP:conf/eurocrypt/2017-2,
	Bibsource = {dblp computer science bibliography, https://dblp.org},
	Biburl = {https://dblp.org/rec/bib/conf/eurocrypt/2017-2},
	Date-Added = {2018-09-28 09:38:48 +0300},
	Date-Modified = {2018-09-28 09:38:48 +0300},
	Doi = {10.1007/978-3-319-56614-6},
	Editor = {Jean{-}S{\'{e}}bastien Coron and Jesper Buus Nielsen},
	Isbn = {978-3-319-56613-9},
	Series = {Lecture Notes in Computer Science},
	Timestamp = {Sat, 16 Sep 2017 12:12:20 +0200},
	Title = {Advances in Cryptology - {EUROCRYPT} 2017 - 36th Annual International Conference on the Theory and Applications of Cryptographic Techniques, Paris, France, April 30 - May 4, 2017, Proceedings, Part {II}},
	Url = {https://doi.org/10.1007/978-3-319-56614-6},
	Volume = {10211},
	Year = {2017},
	Bdsk-Url-1 = {https://doi.org/10.1007/978-3-319-56614-6}}

@inproceedings{DBLP:conf/crypto/GarayKL17,
	Author = {Juan A. Garay and Aggelos Kiayias and Nikos Leonardos},
	Bibsource = {dblp computer science bibliography, https://dblp.org},
	Biburl = {https://dblp.org/rec/bib/conf/crypto/GarayKL17},
	Booktitle = {Advances in Cryptology - {CRYPTO} 2017 - 37th Annual International Cryptology Conference, Santa Barbara, CA, USA, August 20-24, 2017, Proceedings, Part {I}},
	Crossref = {DBLP:conf/crypto/2017-1},
	Date-Added = {2018-09-28 09:38:04 +0300},
	Date-Modified = {2018-09-28 09:38:04 +0300},
	Doi = {10.1007/978-3-319-63688-7\_10},
	Pages = {291--323},
	Timestamp = {Mon, 14 Aug 2017 14:34:46 +0200},
	Title = {The Bitcoin Backbone Protocol with Chains of Variable Difficulty},
	Url = {https://doi.org/10.1007/978-3-319-63688-7\_10},
	Year = {2017},
	Bdsk-Url-1 = {https://doi.org/10.1007/978-3-319-63688-7%5C_10}}

@proceedings{DBLP:conf/crypto/2017-1,
	Bibsource = {dblp computer science bibliography, https://dblp.org},
	Biburl = {https://dblp.org/rec/bib/conf/crypto/2017-1},
	Date-Added = {2018-09-28 09:38:04 +0300},
	Date-Modified = {2018-09-28 09:38:04 +0300},
	Doi = {10.1007/978-3-319-63688-7},
	Editor = {Jonathan Katz and Hovav Shacham},
	Isbn = {978-3-319-63687-0},
	Publisher = {Springer},
	Series = {Lecture Notes in Computer Science},
	Timestamp = {Mon, 14 Aug 2017 14:32:34 +0200},
	Title = {Advances in Cryptology - {CRYPTO} 2017 - 37th Annual International Cryptology Conference, Santa Barbara, CA, USA, August 20-24, 2017, Proceedings, Part {I}},
	Url = {https://doi.org/10.1007/978-3-319-63688-7},
	Volume = {10401},
	Year = {2017},
	Bdsk-Url-1 = {https://doi.org/10.1007/978-3-319-63688-7}}

@inproceedings{DBLP:conf/eurocrypt/GarayKL15,
	Author = {Juan A. Garay and Aggelos Kiayias and Nikos Leonardos},
	Bibsource = {dblp computer science bibliography, https://dblp.org},
	Biburl = {https://dblp.org/rec/bib/conf/eurocrypt/GarayKL15},
	Booktitle = {Advances in Cryptology - {EUROCRYPT} 2015 - 34th Annual International Conference on the Theory and Applications of Cryptographic Techniques, Sofia, Bulgaria, April 26-30, 2015, Proceedings, Part {II}},
	Crossref = {DBLP:conf/eurocrypt/2015-2},
	Date-Added = {2018-09-28 09:37:29 +0300},
	Date-Modified = {2018-09-28 09:37:29 +0300},
	Doi = {10.1007/978-3-662-46803-6\_10},
	Pages = {281--310},
	Timestamp = {Wed, 24 May 2017 08:31:22 +0200},
	Title = {The Bitcoin Backbone Protocol: Analysis and Applications},
	Url = {https://doi.org/10.1007/978-3-662-46803-6\_10},
	Year = {2015},
	Bdsk-Url-1 = {https://doi.org/10.1007/978-3-662-46803-6%5C_10}}

@proceedings{DBLP:conf/eurocrypt/2015-2,
	Bibsource = {dblp computer science bibliography, https://dblp.org},
	Biburl = {https://dblp.org/rec/bib/conf/eurocrypt/2015-2},
	Date-Added = {2018-09-28 09:37:29 +0300},
	Date-Modified = {2018-09-28 09:37:29 +0300},
	Doi = {10.1007/978-3-662-46803-6},
	Editor = {Elisabeth Oswald and Marc Fischlin},
	Isbn = {978-3-662-46802-9},
	Publisher = {Springer},
	Series = {Lecture Notes in Computer Science},
	Timestamp = {Wed, 24 May 2017 08:31:22 +0200},
	Title = {Advances in Cryptology - {EUROCRYPT} 2015 - 34th Annual International Conference on the Theory and Applications of Cryptographic Techniques, Sofia, Bulgaria, April 26-30, 2015, Proceedings, Part {II}},
	Url = {https://doi.org/10.1007/978-3-662-46803-6},
	Volume = {9057},
	Year = {2015},
	Bdsk-Url-1 = {https://doi.org/10.1007/978-3-662-46803-6}}

@article{DBLP:journals/corr/Micali16,
	Archiveprefix = {arXiv},
	Author = {Silvio Micali},
	Bibsource = {dblp computer science bibliography, https://dblp.org},
	Biburl = {https://dblp.org/rec/bib/journals/corr/Micali16},
	Date-Added = {2018-09-28 09:34:31 +0300},
	Date-Modified = {2018-09-28 09:34:31 +0300},
	Eprint = {1607.01341},
	Journal = {CoRR},
	Timestamp = {Mon, 13 Aug 2018 16:48:44 +0200},
	Title = {{ALGORAND:} The Efficient and Democratic Ledger},
	Url = {http://arxiv.org/abs/1607.01341},
	Volume = {abs/1607.01341},
	Year = {2016},
	Bdsk-Url-1 = {http://arxiv.org/abs/1607.01341}}

@article{DBLP:journals/iacr/BentovPS16a,
	Author = {Iddo Bentov and Rafael Pass and Elaine Shi},
	Bibsource = {dblp computer science bibliography, https://dblp.org},
	Biburl = {https://dblp.org/rec/bib/journals/iacr/BentovPS16a},
	Date-Added = {2018-09-28 09:33:05 +0300},
	Date-Modified = {2018-09-28 09:33:05 +0300},
	Journal = {{IACR} Cryptology ePrint Archive},
	Pages = {919},
	Timestamp = {Tue, 14 Aug 2018 17:08:24 +0200},
	Title = {Snow White: Provably Secure Proofs of Stake},
	Url = {http://eprint.iacr.org/2016/919},
	Volume = {2016},
	Year = {2016},
	Bdsk-Url-1 = {http://eprint.iacr.org/2016/919}}

@inproceedings{DBLP:conf/eurocrypt/DavidGKR18,
	Author = {Bernardo David and Peter Gazi and Aggelos Kiayias and Alexander Russell},
	Bibsource = {dblp computer science bibliography, https://dblp.org},
	Biburl = {https://dblp.org/rec/bib/conf/eurocrypt/DavidGKR18},
	Booktitle = {Advances in Cryptology - {EUROCRYPT} 2018 - 37th Annual International Conference on the Theory and Applications of Cryptographic Techniques, Tel Aviv, Israel, April 29 - May 3, 2018 Proceedings, Part {II}},
	Date-Added = {2018-09-28 09:32:12 +0300},
	Date-Modified = {2018-09-28 09:32:12 +0300},
	Doi = {10.1007/978-3-319-78375-8\_3},
	Ignorecrossref = {DBLP:conf/eurocrypt/2018-2},
	Pages = {66--98},
	Timestamp = {Mon, 16 Apr 2018 14:06:24 +0200},
	Title = {Ouroboros Praos: An Adaptively-Secure, Semi-synchronous Proof-of-Stake Blockchain},
	Url = {https://doi.org/10.1007/978-3-319-78375-8\_3},
	Year = {2018},
	Bdsk-Url-1 = {https://doi.org/10.1007/978-3-319-78375-8%5C_3}}

@book{Grinstead:1997ng,
	Author = {Charles M. Grinstead and J. Laurie Snell},
	Date-Added = {2017-03-10 00:23:27 +0000},
	Date-Modified = {2017-03-10 00:25:11 +0000},
	Publisher = {American Mathematical Association},
	Title = {Introduction to Probability},
	Year = {1997}}

@book{Motwani:1995:RA:211390,
	Address = {New York, NY, USA},
	Author = {Motwani, Rajeev and Raghavan, Prabhakar},
	Date-Added = {2017-03-08 19:09:45 +0000},
	Date-Modified = {2017-03-08 19:10:02 +0000},
	Publisher = {Cambridge University Press},
	Title = {Randomized Algorithms},
	Year = {1995}}

@inproceedings{KRDO17,
	Author = {Aggelos Kiayias and Alexander Russell and Bernardo David and Roman Oliynykov},
	Booktitle = {Advances in Cryptology - {CRYPTO} 2017 - 37th Annual International Cryptology Conference},
	Doi = {10.1007/978-3-319-63688-7\_12},
	Editor = {Jonathan Katz and Hovav Shacham},
	Pages = {357--388},
	Publisher = {Springer},
	Series = {Lecture Notes in Computer Science},
	Title = {Ouroboros: {A} Provably Secure Proof-of-Stake Blockchain Protocol},
	Volume = {10401},
	Year = {2017},
	Bdsk-Url-1 = {https://doi.org/10.1007/978-3-319-63688-7%5C_12}}

@inproceedings{om14,
	Address = {Limerick},
	Author = {Karl J. O'Dwyer and David Malone},
	Booktitle = {ISSC 2014 / CIICT 2014},
	Title = {Bitcoin mining and its energy footprint},
	Year = {2014}}

@book{LevinPeres,
	Author = {Levin, David A and Peres, Yuval and Wilmer, Elizabeth L},
	Publisher = {American Mathematical Society},
	Title = {Markov chains and mixing times},
	Volume = {58},
	Year = {2009}}

@book{WilfGF,
	Author = {Wilf, Herbert S},
	Edition = {3},
	Publisher = {AK Peters/CRC Press},
	Title = {generatingfunctionology},
	Year = {2005}}

@article{DBLP:journals/corr/abs-1809-06528,
	Archiveprefix = {arXiv},
	Author = {Jonah Brown{-}Cohen and Arvind Narayanan and Christos{-}Alexandros Psomas and S. Matthew Weinberg},
	Bibsource = {dblp computer science bibliography, https://dblp.org},
	Biburl = {https://dblp.org/rec/bib/journals/corr/abs-1809-06528},
	Eprint = {1809.06528},
	Journal = {CoRR},
	Timestamp = {Fri, 05 Oct 2018 11:34:52 +0200},
	Title = {Formal Barriers to Longest-Chain Proof-of-Stake Protocols},
	Url = {http://arxiv.org/abs/1809.06528},
	Volume = {abs/1809.06528},
	Year = {2018},
	Bdsk-Url-1 = {http://arxiv.org/abs/1809.06528}}

@misc{PrForkableCode,
	Author = {Saad Quader and Alexander Russell},
	Howpublished = {\url{https://github.com/saad0105050/forkable-strings-code}},
	Note = {Accessed: 2019-10-14},
	Title = {{\texttt{C++}} source code to compute settlement error estimates},
	Year = {2018}}

@misc{PrForkableMultihonestCode,
	Author = {Saad Quader and Alexander Russell},
	Howpublished = {\url{https://github.com/saad0105050/multihonest-code}},
	Note = {Accessed: 2019-10-14},
	Title = {{\texttt{C++}} source code to compute settlement error estimates allowing concurrent honest slot leaders},
	Year = {2020}}


@techreport{LinearConsistency,
	Author = {Blum, Erica and Kiayias, Aggelos and Moore, Cristopher and Quader, Saad and Russell, Alexander},
	Crossref = {LinearConsistencySODA},
	Institution = {Cryptology ePrint Archive, Report 2017/241},
	Title = {Linear Consistency for Proof-of-Stake Blockchains},
	Url = {https://eprint.iacr.org/2017/241},
	Year = {2018},
	Bdsk-Url-1 = {https://eprint.iacr.org/2017/241}}

@proceedings{DBLP:conf/ccs/BadertscherGKRZ18,
	Acmid = {3243848},
	Address = {New York, NY, USA},
	Author = {Badertscher, Christian and Ga\v{z}i, Peter and Kiayias, Aggelos and Russell, Alexander and Zikas, Vassilis},
	Booktitle = {Proceedings of the 2018 ACM SIGSAC Conference on Computer and Communications Security},
	Doi = {10.1145/3243734.3243848},
	Isbn = {978-1-4503-5693-0},
	Keywords = {blockchain, distributed ledgers, proof-of-stake},
	Location = {Toronto, Canada},
	Numpages = {18},
	Pages = {913--930},
	Publisher = {ACM},
	Series = {CCS '18},
	Title = {Ouroboros Genesis: Composable Proof-of-Stake Blockchains with Dynamic Availability},
	Url = {http://doi.acm.org/10.1145/3243734.3243848},
	Year = {2018},
	Bdsk-Url-1 = {http://doi.acm.org/10.1145/3243734.3243848},
	Bdsk-Url-2 = {https://doi.org/10.1145/3243734.3243848}}

@inproceedings{LinearConsistencySODA,
	Author = {Blum, Erica and Kiayias, Aggelos and Moore, Cristopher and Quader, Saad and Russell, Alexander},
	Booktitle = {Proceedings of the 2020 ACM Symposium on Discrete Algorithms},
	Series = {SODA '20},
	Title = {The Combinatorics of the Longest-Chain Rule: Linear Consistency for Proof-of-Stake Blockchains},
	Year = {2020}}
