@article{diamond2016bounds,
  title={Bounds for the logarithm of the Euler gamma function and its derivatives},
  author={Diamond, Harold G and Straub, Armin},
  journal={Journal of Mathematical Analysis and Applications},
  volume={433},
  number={2},
  pages={1072--1083},
  year={2016},
  publisher={Elsevier}
}

@techreport{wood1992polylog,
  title={The computation of polylogarithms. University of Kent computing laboratory},
  author={Wood, DC},
  year={1992},
  institution={technical report 15/92}
}

@article{rabin-beacon,
  title={Transaction protection by beacons},
  author={Rabin, Michael O},
  journal={Journal of Computer and System Sciences},
  volume={27},
  number={2},
  pages={256--267},
  year={1983},
  publisher={Elsevier}
}

@article{blum-coin-flipping,
  title={Coin flipping by telephone a protocol for solving impossible problems},
  author={Blum, Manuel},
  journal={ACM SIGACT News},
  volume={15},
  number={1},
  pages={23--27},
  year={1983},
  publisher={ACM}
}

@inproceedings{BL85,
  title={Collective coin flipping, robust voting schemes and minima of Banzhaf values},
  author={Ben-Or, Michael and Linial, Nathan},
  booktitle={26th Annual Symposium on Foundations of Computer Science (sfcs 1985)},
  pages={408--416},
  year={1985},
  organization={IEEE}
}

@inproceedings{LLS,
  title={Imperfect random sources and discrete controlled processes},
  author={Lichtenstein, David and Linial, Nathan and Saks, Michael},
  booktitle={Proceedings of the nineteenth annual ACM symposium on Theory of computing},
  pages={169--177},
  year={1987}
}

@inproceedings{KKL,
  title={The influence of variables on Boolean functions},
  author={Kahn, J and Kalai, G and Linial, N},
  booktitle={[Proceedings 1988] 29th Annual Symposium on Foundations of Computer Science},
  pages={68--80},
  year={1988}
}

@article{ajtai_linial,
  title={The influence of large coalitions},
  author={Ajtai, Mikl{\'o}s and Linial, Nathan},
  journal={Combinatorica},
  volume={13},
  number={2},
  pages={129--145},
  year={1993},
  publisher={Springer}
}

@article{BLKKL,
  title={The influence of variables in product spaces},
  author={Bourgain, Jean and Kahn, Jeff and Kalai, Gil and Katznelson, Yitzhak and Linial, Nathan},
  journal={Israel Journal of Mathematics},
  volume={77},
  number={1-2},
  pages={55--64},
  year={1992},
  publisher={Springer}
}

@article{Friedgut,
  title={Influences in product spaces: {KKL} and {BKKKL} revisited},
  author={Friedgut, Ehud},
  journal={Combinatorics, Probability and Computing},
  volume={13},
  number={1},
  pages={17--29},
  year={2004},
  publisher={Cambridge University Press}
}

@inproceedings{Hatami,
  title={Biasing Boolean Functions and Collective Coin-Flipping Protocols over Arbitrary Product Distributions},
  author={Filmus, Y and Hambardzumyan, L and Hatami, H and Hatami, P and Zuckerman, D},
  booktitle={46th International Colloquium on Automata, Languages and Programming (ICALP)},
  year={2019}
}

@inproceedings{RandHound,
  title={Scalable bias-resistant distributed randomness},
  author={Syta, Ewa and Jovanovic, Philipp and Kogias, Eleftherios Kokoris and Gailly, Nicolas and Gasser, Linus and Khoffi, Ismail and Fischer, Michael J and Ford, Bryan},
  booktitle={2017 IEEE Symposium on Security and Privacy (SP)},
  pages={444--460},
  year={2017},
  organization={Ieee}
}

@article{ZuckermanBeacon,
  title={Bitcoin beacon},
  author={Bentov, Iddo and Gabizon, Ariel and Zuckerman, David},
  journal={arXiv preprint arXiv:1605.04559},
  year={2016}
}


@inproceedings{vdf-boneh,
  title={Verifiable delay functions},
  author={Boneh, Dan and Bonneau, Joseph and B{\"u}nz, Benedikt and Fisch, Ben},
  booktitle={Annual international cryptology conference},
  pages={757--788},
  year={2018},
  organization={Springer}
}

@inproceedings{vdf-wesolowski,
  title={Efficient verifiable delay functions},
  author={Wesolowski, Benjamin},
  booktitle={Annual International Conference on the Theory and Applications of Cryptographic Techniques},
  pages={379--407},
  year={2019},
  organization={Springer}
}

@inproceedings{vdf-pietrzak,
  title={Simple verifiable delay functions},
  author={Pietrzak, Krzysztof},
  booktitle={10th innovations in theoretical computer science conference (itcs 2019)},
  year={2018},
  organization={Schloss Dagstuhl-Leibniz-Zentrum fuer Informatik}
}

@misc{vdf-ethereum,
  title = {Minimal VDF randomness beacon},
  howpublished = {\url{https://ethresear.ch/t/minimal-vdf-randomness-beacon/3566}},
  note = {Accessed: January 28, 2019}
}

@misc{Dfinity,
    title={DFINITY Technology Overview Series, Consensus System},
    author={Timo Hanke and Mahnush Movahedi and Dominic Williams},
    year={2018},
    eprint={1805.04548},
    archivePrefix={arXiv},
    primaryClass={cs.DC}
}

@inproceedings{AlgorandConf,
  title={Algorand: Scaling byzantine agreements for cryptocurrencies},
  author={Gilad, Yossi and Hemo, Rotem and Micali, Silvio and Vlachos, Georgios and Zeldovich, Nickolai},
  booktitle={Proceedings of the 26th Symposium on Operating Systems Principles},
  pages={51--68},
  year={2017}
}

@misc{Algorand,
    title={Algorand},
    author={Jing Chen and Silvio Micali},
    year={2016},
    eprint={1607.01341},
    archivePrefix={arXiv},
    primaryClass={cs.CR}
}

@inproceedings{Kalai,
  title={A lower bound for adaptively-secure collective coin-flipping protocols},
  author={Tauman Kalai, Yael and Komargodski, Ilan and Raz, Ran},
  booktitle={32nd International Symposium on Distributed Computing (DISC 2018)},
  year={2018},
  organization={Schloss Dagstuhl-Leibniz-Zentrum fuer Informatik}
}

@article{RSZ,
  title={Lower bounds for leader election and collective coin-flipping in the perfect information model},
  author={Russell, Alexander and Saks, Michael and Zuckerman, David},
  journal={SIAM Journal on Computing},
  volume={31},
  number={6},
  pages={1645--1662},
  year={2002},
  publisher={SIAM}
}

@inproceedings{Scrape,
  title={SCRAPE: Scalable randomness attested by public entities},
  author={Cascudo, Ignacio and David, Bernardo},
  booktitle={International Conference on Applied Cryptography and Network Security},
  pages={537--556},
  year={2017},
  organization={Springer}
}

@inproceedings{HydRand,
  title={HydRand: Efficient Continuous Distributed Randomness},
  author={Schindler, Philipp and Judmayer, Aljosha and Stifter, Nicholas and Weippl, Edgar},
  booktitle={2020 IEEE Symposium on Security and Privacy (SP)},
  pages={32--48}
}

@inproceedings{FruitChains,
  author = {Pass, Rafael and Shi, Elaine},
  title = {FruitChains: A Fair Blockchain},
  year = {2017},
  isbn = {9781450349925},
  publisher = {Association for Computing Machinery},
  address = {New York, NY, USA},
  url = {https://doi.org/10.1145/3087801.3087809},
  doi = {10.1145/3087801.3087809},
  booktitle = {Proceedings of the ACM Symposium on Principles of Distributed Computing},
  pages = {315–324},
  numpages = {10},
  keywords = {fairness, distributed consensus, blockchains, nash equilibrium},
  location = {Washington, DC, USA},
  series = {PODC ’17}
}

@misc{GrindingFullVersion,
    title={Fast and Furious Randomness Beacons},
    author={Kiayias, Aggelos and Moore, Cristopher and Quader, Saad and Russell, Alex},
    year={2020},
    archivePrefix={IACR},
    primaryClass={cs.DM}
}

@inproceedings{BLS,
  title={Short signatures from the Weil pairing},
  author={Boneh, Dan and Lynn, Ben and Shacham, Hovav},
  booktitle={International conference on the theory and application of cryptology and information security},
  pages={514--532},
  year={2001},
  organization={Springer}
}

  
@article{Tezos,
  title={Tezos—a self-amending crypto-ledger White paper},
  author={Goodman, LM},
  journal={URL: https://www. tezos. com/static/papers/white paper. pdf},
  year={2014}
}