@article{twomos,
author = {Biv, Roy G. and Liam, Lynn O.},
journal = {submitted to Super Science Articles, Sophisticated Journal of},
title = {{An Algorithm for Finishing the PhD in Two Months}},
year = {2018}
}

@article{hind,
  title={{Approaches to Obtain a High \textit{h}-index}},
  author={Doe, Jane and Biv, Roy G. and Stein, Frank N. and Liam, Lynn O.},
  journal={Journal of Advanced Advances},
  volume={13},
number={1},
pages={50-67},
  year={2017}
}

@article{superh,
author = {Biv, Roy G. and Doe, Jane and Liam, Lynn O.},
journal = {Superhumans, I-Tripley Transactions on},
pages={3256-3271},
volume={47},
number={12},
title = {{A Planning Algorithm for Getting Your Science Article Published in Three Weeks}},
year = {2016}
}

@incollection{mcbook,
    author={Mouse, Mighty and Biv, Roy G. and Hinges, Rusty and Liam, Lynn O.},
    title={{Grad School Decision Support: Challenges and Applications}},
    booktitle={Booky McBook},
    year={2018}
}

@INPROCEEDINGS{threelines, 
  address = {Holy Toledo, BM},
  author={Aychdee, Oneida P. and Biv, Roy G. and Liam, Lynn O.},
  title={Programming Methods for Coding in Three Lines or Less}, 
  year={2018}, 
  month={July},
  organization={IoAP},
  booktitle={Something Important, 2018 291st International Conference on}
}

@inproceedings{everyever,
address = {The Undersea City of Atlantis},
author = {Biv, Roy G. and Pull, Alvin and Burr, Tim and Liam, Lynn O.},
booktitle = {2014 IoAP International Symposium on Graduation},
pages = {659--664},
title = {{The Go-To Guide on Learning Everything Ever}},
month = {Dec.},
year = {2014}
}

@inproceedings{bttf,
address = {Hill Valley, CA},
author = {Biv, Roy G. and Liam, Lynn O. and Stein, Frank N.},
booktitle = {1002nd International Research and Technology Symposium on Stuff},
title = {{Evaluating the Value of a PhD in Uncertain Environments}},
month = {June},
year = {2013}
}